<record><leader>00000cas a22000007a 4500</leader><controlfield tag="001">17249771</controlfield><controlfield tag="008">871217d18531855pauwr ne      0    0eng d</controlfield><controlfield tag="009">5601</controlfield><datafield ind1=" " ind2=" " tag="010"><subfield code="a">sn 88079283 </subfield></datafield><datafield ind1=" " ind2=" " tag="040"><subfield code="a">NPH</subfield><subfield code="b">eng</subfield><subfield code="c">NPH</subfield><subfield code="d">DLC</subfield></datafield><datafield ind1=" " ind2=" " tag="042"><subfield code="a">msc</subfield></datafield><datafield ind1="0" ind2="0" tag="050"><subfield code="a">Newspaper</subfield></datafield><datafield ind1="0" ind2=" " tag="130"><subfield code="a">Commercial list, and Philadelphia price current (Philadelphia, Pa. : 1853)</subfield></datafield><datafield ind1="0" ind2="4" tag="245"><subfield code="a">The Commercial list, and Philadelphia price current.</subfield></datafield><datafield ind1="1" ind2="7" tag="246"><subfield code="a">Philadelphia commercial list</subfield></datafield><datafield ind1=" " ind2=" " tag="260"><subfield code="a">Philadelphia [Pa. :</subfield><subfield code="b">s.n.],</subfield><subfield code="c">1853-1855.</subfield></datafield><datafield ind1=" " ind2=" " tag="300"><subfield code="a">5 v. :</subfield><subfield code="b">ill. (chiefly advertisements)</subfield></datafield><datafield ind1=" " ind2=" " tag="310"><subfield code="a">Weekly</subfield></datafield><datafield ind1="0" ind2=" " tag="362"><subfield code="a">Vol. 24 [i.e. 26], no. 10 (Mar. 5, 1853)-v. 28, no. 52 (Dec. 29, 1855) = whole no. 1361-1508.</subfield></datafield><datafield ind1=" " ind2=" " tag="500"><subfield code="a">Publishers: Winslow &amp; Leisenring, Mar. 12, 1853-Dec. 29, 1855.</subfield></datafield><datafield ind1=" " ind2=" " tag="500"><subfield code="a">Published every Saturday morning.</subfield></datafield><datafield ind1=" " ind2=" " tag="752"><subfield code="a">United States</subfield><subfield code="b">Pennsylvania</subfield><subfield code="c">Philadelphia</subfield><subfield code="d">Philadelphia.</subfield></datafield><datafield ind1="0" ind2="0" tag="780"><subfield code="t">Commercial list, and trade and statistical register</subfield><subfield code="w">(DLC)sn 86081947</subfield></datafield><datafield ind1="0" ind2="0" tag="785"><subfield code="t">Philadelphia commercial list, and price current</subfield><subfield code="w">(DLC)sn 84026191</subfield></datafield></record>